@online{tecnología-informática,
    author = "Graciela Marker",
    title = "La memoria de la computadora",
    url  = "https://www.tecnologia-informatica.com/memoria-computadora/",
    addendum = "(accessed: 07.09.2020)",
    keywords = "memoria"
}
@online { SILO.TIPS ,
    author = " Víctor Manuel Silva Revuelta " ,
    title = " Knuth: Computadora y memoria " ,
    url   = " https://silo.tips/download/introduccion-a-las-computadoras-3 " ,
    addendum = " (consultado: 07.09.2020) " ,
    keywords = "computador"

}

@online {monografia.com ,
    author = " moraeduardo2003 " ,
    title = " Las Memorias de un Computador " ,
    url   = " https://www.monografias.com/trabajos16/memorias/memorias.shtml#UNIDAD " ,
    addendum = " (consultado: 07.09.2020) " ,
    keywords = "memoria"
}
